<record><leader>00000cas a22000007a 4500</leader><controlfield tag="001">10519575</controlfield><controlfield tag="008">840314d186818uuoru x ne      0    0eng d</controlfield><datafield ind1=" " ind2=" " tag="010"><subfield code="a">sn 84022648 </subfield></datafield><datafield ind1=" " ind2=" " tag="040"><subfield code="a">NPX</subfield><subfield code="b">eng</subfield><subfield code="c">NPX</subfield><subfield code="d">CNK</subfield><subfield code="d">OCN</subfield><subfield code="d">OCLCQ</subfield><subfield code="d">OCLCF</subfield><subfield code="d">OCLCO</subfield></datafield><datafield ind1=" " ind2=" " tag="042"><subfield code="a">msc</subfield></datafield><datafield ind1=" " ind2=" " tag="043"><subfield code="a">n-us-or</subfield></datafield><datafield ind1="0" ind2="4" tag="245"><subfield code="a">The City journal.</subfield></datafield><datafield ind1=" " ind2=" " tag="260"><subfield code="a">Canyon City, Or. :</subfield><subfield code="b">Typographical Society</subfield></datafield><datafield ind1=" " ind2=" " tag="300"><subfield code="a">v.</subfield></datafield><datafield ind1=" " ind2=" " tag="310"><subfield code="a">Irregular</subfield></datafield><datafield ind1="1" ind2=" " tag="362"><subfield code="a">Began with Nov. 9, 1868 issue.</subfield><subfield code="z">Cf. NIM.</subfield></datafield><datafield ind1=" " ind2=" " tag="500"><subfield code="a">Editor: R. Comer, 1868-1869.</subfield></datafield><datafield ind1=" " ind2=" " tag="588"><subfield code="a">Description based on: Vol. 1, no. 2 (Jan. 1, 1869).</subfield></datafield><datafield ind1=" " ind2=" " tag="588"><subfield code="a">Latest issue consulted: Vol. 1, no. 6 (July 26, 1869).</subfield></datafield><datafield ind1=" " ind2="0" tag="651"><subfield code="a">Canyon City (Or.)</subfield><subfield code="v">Newspapers.</subfield></datafield><datafield ind1=" " ind2="7" tag="655"><subfield code="a">Newspapers.</subfield><subfield code="2">fast</subfield><subfield code="0">(OCoLC)fst01423814</subfield></datafield><datafield ind1=" " ind2="7" tag="651"><subfield code="a">Oregon</subfield><subfield code="z">Canyon City.</subfield><subfield code="2">fast</subfield><subfield code="0">(OCoLC)fst01221453</subfield></datafield><datafield ind1="1" ind2=" " tag="700"><subfield code="a">Comer, R. H. J.</subfield></datafield><datafield ind1=" " ind2=" " tag="752"><subfield code="a">United States</subfield><subfield code="b">Oregon</subfield><subfield code="c">Grant</subfield><subfield code="d">Canyon City.</subfield></datafield><datafield ind1="0" ind2="0" tag="785"><subfield code="t">Grant County news</subfield><subfield code="w">(DLC)sn 85042403</subfield></datafield></record>